@article{Gillard2014,
author = {Gillard, J. and Knight, V. and Vile, J. and Wilson, R.},
doi = {10.1093/imaman/dpu017},
file = {:Users/vince/Dropbox/Mendeley/2014/2014 - Gillard et al. - Rostering staff at a mathematics support service using a finite-source queueing model.pdf:pdf},
issn = {1471-678X},
journal = {IMA Journal of Management Mathematics},
keywords = {machine interference model,mathematics support service,rostering},
pages = {1--9},
title = {{Rostering staff at a mathematics support service using a finite-source queueing model}},
url = {http://imaman.oxfordjournals.org/cgi/doi/10.1093/imaman/dpu017},
year = {2014}
}
@article{Ashlock2004,
author = {Ashlock, Dan and Eun-Youn Kim and VonRoeschlaub, W.K.},
doi = {10.1109/CEC.2004.1330882},
isbn = {0-7803-8515-2},
journal = {Proceedings of the 2004 Congress on Evolutionary Computation (IEEE Cat. No.04TH8753)},
pages = {381--387},
title = {{Fingerprints: enabling visualization and automatic analysis of strategies for two player games}},
url = {http://ieeexplore.ieee.org/lpdocs/epic03/wrapper.htm?arnumber=1330882},
year = {2004}
}
@article{Ashlock2008,
author = {Ashlock, Daniel and Kim, Eon Youn},
doi = {10.1109/TEVC.2008.920675},
isbn = {1089-778X},
issn = {1089778X},
journal = {IEEE Transactions on Evolutionary Computation},
keywords = {Automatic analysis,Evolutionary computation,Feature selection,Game theory,Prisoner's dilemma},
number = {5},
pages = {647--659},
title = {{Fingerprinting: Visualization and automatic analysis of prisoner's dilemma strategies}},
volume = {12},
year = {2008}
}
@Article{matplotlib-colormap,
  Author    = {Hunter, J. D.},
  Title     = {Matplotlib: A 2D graphics environment},
  Journal   = {Computing In Science \& Engineering},
  Volume    = {9},
  Number    = {3},
  Pages     = {90--95},
  abstract  = {Matplotlib is a 2D graphics package used for Python
  for application development, interactive scripting, and
  publication-quality image generation across user
  interfaces and operating systems.},
  publisher = {IEEE COMPUTER SOC},
  doi = {10.1109/MCSE.2007.55},
  year = {2007},
  url = {http://matplotlib.org/examples/color/colormaps_reference.html}
}
@article{Moreland2009,
author = {Moreland, Kenneth},
doi = {10.1007/978-3-642-10520-3_9},
isbn = {364210519X},
issn = {03029743},
number = {PART 2},
pages = {92--103},
pmid = {1000164476},
title = {{Diverging color maps for scientific visualization}},
volume = {5876 LNCS},
year = {2009}
}
